@article{arenas2008analysis,
  title={Analysis of the structure of complex networks at different resolution levels},
  author={Arenas, Alex and Fernandez, Alberto and Gomez, Sergio},
  journal={New Journal of Physics},
  volume={10},
  number={5},
  pages={053039},
  year={2008},
  publisher={IOP Publishing}
}

@article{broder2000graph,
  title={Graph structure in the web},
  author={Broder, Andrei and Kumar, Ravi and Maghoul, Farzin and Raghavan, Prabhakar and Rajagopalan, Sridhar and Stata, Raymie and Tomkins, Andrew and Wiener, Janet},
  journal={Computer networks},
  volume={33},
  number={1},
  pages={309--320},
  year={2000},
  publisher={Elsevier}
}
@article{csardi2006igraph,
  title={The igraph software package for complex network research},
  author={Csardi, Gabor and Nepusz, Tamas},
  journal={InterJournal, Complex Systems},
  volume={1695},
  number={5},
  year={2006}
}

@article{feld1991your,
  title={Why your friends have more friends than you do},
  author={Feld, Scott L},
  journal={American Journal of Sociology},
  pages={1464--1477},
  year={1991},
  publisher={JSTOR}
}
@article{girvan2001community,
  title={Community structure in social and biological networks},
  author={Girvan, Michelle and Newman, Mark EJ},
  journal={arXiv preprint cond-mat/0112110},
  year={2001}
}

@article{lancichinetti2009community,
  title={Community detection algorithms: a comparative analysis},
  author={Lancichinetti, Andrea and Fortunato, Santo},
  journal={Physical review E},
  volume={80},
  number={5},
  pages={056117},
  year={2009},
  publisher={APS}
}

@article{doi:10.1080/0022250X.1971.9989788,
author = {Lorrain, François and White, Harrison C.},
title = {Structural equivalence of individuals in social networks},
journal = {The Journal of Mathematical Sociology},
volume = {1},
number = {1},
pages = {49-80},
year = {1971},
doi = {10.1080/0022250X.1971.9989788},
URL = {http://www.tandfonline.com/doi/abs/10.1080/0022250X.1971.9989788},
eprint = {http://www.tandfonline.com/doi/pdf/10.1080/0022250X.1971.9989788}
}

@article{PhysRevE.69.066133,
  title = {Fast algorithm for detecting community structure in networks},
  author = {Newman, M. E. J.},
  journal = {Phys. Rev. E},
  volume = {69},
  issue = {6},
  pages = {066133},
  numpages = {5},
  year = {2004},
  month = {Jun},
  doi = {10.1103/PhysRevE.69.066133},
  url = {http://link.aps.org/doi/10.1103/PhysRevE.69.066133},
  publisher = {American Physical Society}
}

@article{newman2004finding,
  title={Finding and evaluating community structure in networks},
  author={Newman, Mark EJ and Girvan, Michelle},
  journal={Physical review E},
  volume={69},
  number={2},
  pages={026113},
  year={2004},
  publisher={APS}
}
@book{segaran2007programming,
  title={Programming collective intelligence: building smart web 2.0 applications},
  author={Segaran, Toby},
  year={2007},
  publisher={O'Reilly Media}
}

@article{zachary1977information,
  title={An information flow model for conflict and fission in small groups},
  author={Zachary, Wayne W},
  journal={Journal of anthropological research},
  pages={452--473},
  year={1977},
  publisher={JSTOR}
}

@book{levene2011introduction,
  title={An introduction to search engines and web navigation},
  author={Levene, Mark},
  year={2011},
  publisher={Wiley. com}
}

@book{croft2010search,
  title={Search engines: Information retrieval in practice},
  author={Croft, W Bruce and Metzler, Donald and Strohman, Trevor},
  year={2010},
  publisher={Addison-Wesley Reading}
}

@inproceedings{salaheldeen2013carbon,
  title={Carbon dating the web: estimating the age of web resources},
  author={SalahEldeen, Hany M and Nelson, Michael L},
  booktitle={Proceedings of the 22nd international conference on World Wide Web companion},
  pages={1075--1082},
  year={2013},
  organization={International World Wide Web Conferences Steering Committee}
}

@misc{Wessa2012,
  title = {Kendall tau Rank Correlation (v1.0.11) in Free Statistics Software (v1.1.23-r7)},
  howpublished = {\url{http://www.wessa.net/rwasp_kendall.wasp/}},
  note = {Accessed: 2013-09-30}
}