@article{broder2000graph,
  title={Graph structure in the web},
  author={Broder, Andrei and Kumar, Ravi and Maghoul, Farzin and Raghavan, Prabhakar and Rajagopalan, Sridhar and Stata, Raymie and Tomkins, Andrew and Wiener, Janet},
  journal={Computer networks},
  volume={33},
  number={1},
  pages={309--320},
  year={2000},
  publisher={Elsevier}
}
@book{levene2011introduction,
  title={An introduction to search engines and web navigation},
  author={Levene, Mark},
  year={2011},
  publisher={Wiley. com}
}
