@article{broder2000graph,
  title={Graph structure in the web},
  author={Broder, Andrei and Kumar, Ravi and Maghoul, Farzin and Raghavan, Prabhakar and Rajagopalan, Sridhar and Stata, Raymie and Tomkins, Andrew and Wiener, Janet},
  journal={Computer networks},
  volume={33},
  number={1},
  pages={309--320},
  year={2000},
  publisher={Elsevier}
}
@book{levene2011introduction,
  title={An introduction to search engines and web navigation},
  author={Levene, Mark},
  year={2011},
  publisher={Wiley. com}
}
@inproceedings{salaheldeen2013carbon,
  title={Carbon dating the web: estimating the age of web resources},
  author={SalahEldeen, Hany M and Nelson, Michael L},
  booktitle={Proceedings of the 22nd international conference on World Wide Web companion},
  pages={1075--1082},
  year={2013},
  organization={International World Wide Web Conferences Steering Committee}
}

@book{croft2010search,
  title={Search engines: Information retrieval in practice},
  author={Croft, W Bruce and Metzler, Donald and Strohman, Trevor},
  year={2010},
  publisher={Addison-Wesley Reading}
}

@misc{Wessa2012,
  title = {Kendall tau Rank Correlation (v1.0.11) in Free Statistics Software (v1.1.23-r7)},
  howpublished = {\url{http://www.wessa.net/rwasp_kendall.wasp/}},
  note = {Accessed: 2013-09-30}
}
@article{feld1991your,
  title={Why your friends have more friends than you do},
  author={Feld, Scott L},
  journal={American Journal of Sociology},
  pages={1464--1477},
  year={1991},
  publisher={JSTOR}
}
